@article{hoare1969axiomatic,
  title={An axiomatic basis for computer programming},
  author={Hoare, Charles Antony Richard},
  journal={Communications of the ACM},
  year={1969}
}

@inproceedings{reynolds2002separation,
  title     = {Separation logic: A logic for shared mutable data structures},
  author    = {Reynolds, John C.},
  booktitle = {Proceedings of the 17th Annual IEEE Symposium on Logic in Computer Science},
  pages     = {55--74},
  year      = {2002},
  publisher = {IEEE}
}

@article{brookes2007concurrent,
  title={A semantics for concurrent separation logic},
  author={Brookes, Stephen},
  journal={Theoretical Computer Science},
  year={2007}
}